%-------------------------------------------------------------------------------
@article{FonteRicciMantegazza2015,
  title={Gust load alleviation for a regional aircraft through a static output feedback},
  author={Fonte, Federico and Ricci, Sergio and Mantegazza, Paolo},
  journal={Journal of Aircraft},
  volume={52},
  number={5},
  pages={1559--1574},
  year={2015},
  publisher={American Institute of Aeronautics and Astronautics}
}
%-------------------------------------------------------------------------------

%-------------------------------------------------------------------------------
@inproceedings{FonteMantegazza2017,
  title={A Recurrent Neural Network Controller for Gust Load Alleviation on a Transport Aircraft},
  author={Fonte, Federico and Mantegazza, Paolo},
  booktitle={58th AIAA/ASCE/AHS/ASC Structures, Structural Dynamics, and Materials Conference},
  series={AIAA SciTech Forum},
  year={2017}
}
%-------------------------------------------------------------------------------

%-------------------------------------------------------------------------------
@inproceedings{FonteRicciMantegazza2017_IFASD068,
	author = "Federico Fonte and Sergio Ricci and Paolo Mantegazza",
	title = "Wind Tunnel Evaluation of a Static Output Feedback Controller 
	         for Gust Load Alleviation on a Regional Aircraft",
	volume = "IFASD-068",
	booktitle = "International Forum on Aeroelasticity and Structural Dynamics, 
	             25-28 June 2017, Como, Italy",
	year = "2017",
}
%-------------------------------------------------------------------------------

%-------------------------------------------------------------------------------
@inproceedings{FonteEtAl2016_ICAS,
	author = "Federico Fonte and  Luca Riccobene and Sergio Ricci
	          and Stephan Adden and Matteo Martegani",
	title = "DESIGN, MANUFACTURING AND VALIDATION OF A
	         GUST GENERATOR FOR WIND TUNNEL TEST OF A
	         LARGE SCALE AEROELASTIC MODEL",
	booktitle = "30th Congress of the International Council of the 
	             Aeronautical Sciences 25--30 September 2016, Daejeon, South Korea.",
	year = "2016",
}
%-------------------------------------------------------------------------------

%-------------------------------------------------------------------------------
@inproceedings{FonteToffolRicci2018,
	author={Fonte, Federico and Toffol, Francesco and Ricci, Sergio},
	title={Design of a wing tip device for active maneuver and gust load alleviation},
	series={AIAA SciTech Forum},
	booktitle={59th AIAA/ASCE/AHS/ASC Structures, Structural Dynamics, and Materials Conference},
	year={2018},
	doi={10.2514/6.2018-1442},
}
%-------------------------------------------------------------------------------



