@article{born1916albert,
  title={Albert Einstein},
  author={Born, Max},
  journal={Hedwig und Max Born, Briefwechsel},
  volume={1955},
  year={1916}
}
